@misc{cub,
  author = {NVIDIA CUDA},
  title = {CUB},
  publisher = {NVIDIA},
  journal = {Website},
  howpublished = {\url{https://nvidia.github.io/cccl/cub/index.html}},
}